<record><leader>00000cas a22000007a 4500</leader><controlfield tag="001">13026027</controlfield><controlfield tag="008">860115d1911191umtuwr ne      0    0eng d</controlfield><datafield ind1=" " ind2=" " tag="010"><subfield code="a">sn 86075007 </subfield></datafield><datafield ind1=" " ind2=" " tag="040"><subfield code="a">MTL</subfield><subfield code="b">eng</subfield><subfield code="c">MTL</subfield><subfield code="d">OCLCQ</subfield></datafield><datafield ind1=" " ind2=" " tag="042"><subfield code="a">msc</subfield></datafield><datafield ind1="0" ind2="4" tag="245"><subfield code="a">The Melstone graphic.</subfield></datafield><datafield ind1=" " ind2=" " tag="260"><subfield code="a">Melstone, Mont. :</subfield><subfield code="b">R.A. Lockridge,</subfield><subfield code="c">1911-</subfield></datafield><datafield ind1=" " ind2=" " tag="300"><subfield code="a">v. :</subfield><subfield code="b">ill.</subfield></datafield><datafield ind1=" " ind2=" " tag="310"><subfield code="a">Weekly</subfield></datafield><datafield ind1="0" ind2=" " tag="362"><subfield code="a">Vol. 1, no. 1 (Oct. 6, 1911)-</subfield></datafield><datafield ind1="1" ind2=" " tag="362"><subfield code="a">Ceased by 1914.</subfield><subfield code="z">Cf. Montana newspaper directories, 1914.</subfield></datafield><datafield ind1=" " ind2=" " tag="500"><subfield code="a">Last issue located: Vol. 2, no. 13 (Dec. 27, 1912).</subfield></datafield><datafield ind1=" " ind2=" " tag="580"><subfield code="a">Continues: Melstone mirror (non-extant).</subfield></datafield><datafield ind1=" " ind2=" " tag="752"><subfield code="a">United States</subfield><subfield code="b">Montana</subfield><subfield code="c">Musselshell</subfield><subfield code="d">Melstone.</subfield></datafield><datafield ind1="1" ind2="0" tag="780"><subfield code="t">Melstone mirror</subfield></datafield></record>